[gd_scene load_steps=6 format=2]

[ext_resource path="res://src/complots/board/Board.gd" type="Script" id=1]
[ext_resource path="res://src/complots/board/PlayerPlace.gd" type="Script" id=2]
[ext_resource path="res://src/complots/board/Deck.tscn" type="PackedScene" id=3]
[ext_resource path="res://src/complots/board/PickCardWindow.tscn" type="PackedScene" id=4]
[ext_resource path="res://src/complots/board/ActionWindow.tscn" type="PackedScene" id=5]

[node name="Board" type="Control"]
anchor_right = 1.0
anchor_bottom = 1.0
script = ExtResource( 1 )

[node name="Back" type="Line2D" parent="."]
position = Vector2( 512, 35 )
points = PoolVector2Array( -312, 0, 312, 0 )
default_color = Color( 0.4, 0.501961, 1, 0 )
script = ExtResource( 2 )

[node name="Left" type="Line2D" parent="."]
position = Vector2( 35, 250 )
points = PoolVector2Array( 0, 200, 0, -150 )
default_color = Color( 0.4, 0.501961, 1, 0 )
script = ExtResource( 2 )

[node name="Right" type="Line2D" parent="."]
position = Vector2( 989, 250 )
points = PoolVector2Array( 0, -150, 0, 200 )
default_color = Color( 0.4, 0.501961, 1, 0 )
script = ExtResource( 2 )

[node name="Front" type="Line2D" parent="."]
position = Vector2( 512, 590 )
points = PoolVector2Array( 100, 0, -100, 0 )
default_color = Color( 0.4, 0.501961, 1, 0 )
script = ExtResource( 2 )

[node name="Deck" parent="." instance=ExtResource( 3 )]
anchor_left = 0.5
anchor_top = 0.5
anchor_right = 0.5
anchor_bottom = 0.5

[node name="Players" type="Node" parent="."]

[node name="UI" type="CanvasLayer" parent="."]

[node name="ActionWindow" parent="UI" instance=ExtResource( 5 )]
visible = false

[node name="PickCardWindow" parent="UI" instance=ExtResource( 4 )]
visible = false
