[gd_scene load_steps=6 format=2]

[ext_resource path="res://src/complots/cards/CardBack.tscn" type="PackedScene" id=1]
[ext_resource path="res://src/complots/cards/CardFront.tscn" type="PackedScene" id=2]
[ext_resource path="res://src/complots/cards/Card.gd" type="Script" id=3]

[sub_resource type="Animation" id=1]
resource_name = "Default"
length = 0.2
tracks/0/type = "value"
tracks/0/path = NodePath(".:rect_scale")
tracks/0/interp = 1
tracks/0/loop_wrap = true
tracks/0/imported = false
tracks/0/enabled = true
tracks/0/keys = {
"times": PoolRealArray( 0 ),
"transitions": PoolRealArray( 1 ),
"update": 0,
"values": [ Vector2( 1, 1 ) ]
}
tracks/1/type = "value"
tracks/1/path = NodePath(".:rect_position")
tracks/1/interp = 1
tracks/1/loop_wrap = true
tracks/1/imported = false
tracks/1/enabled = true
tracks/1/keys = {
"times": PoolRealArray( 0 ),
"transitions": PoolRealArray( 1 ),
"update": 0,
"values": [ Vector2( 0, 0 ) ]
}

[sub_resource type="Animation" id=2]
resource_name = "Zoom_in"
length = 0.2
tracks/0/type = "value"
tracks/0/path = NodePath(".:rect_scale")
tracks/0/interp = 1
tracks/0/loop_wrap = true
tracks/0/imported = false
tracks/0/enabled = true
tracks/0/keys = {
"times": PoolRealArray( 0, 0.2 ),
"transitions": PoolRealArray( 1, 1 ),
"update": 0,
"values": [ Vector2( 1, 1 ), Vector2( 1.25, 1.25 ) ]
}
tracks/1/type = "value"
tracks/1/path = NodePath(".:rect_position")
tracks/1/interp = 1
tracks/1/loop_wrap = true
tracks/1/imported = false
tracks/1/enabled = true
tracks/1/keys = {
"times": PoolRealArray( 0, 0.2 ),
"transitions": PoolRealArray( 1, 1 ),
"update": 0,
"values": [ Vector2( 0, 0 ), Vector2( -25, -90 ) ]
}

[node name="Card" type="Control"]
margin_right = 82.0
margin_bottom = 125.0
rect_min_size = Vector2( 82, 125 )
mouse_default_cursor_shape = 2
script = ExtResource( 3 )
highlight_default_color = Color( 1, 0.952941, 0.25098, 1 )
highlight_hover_color = Color( 0.54902, 1, 0.00784314, 1 )

[node name="Frame" type="Control" parent="."]
anchor_right = 1.0
anchor_bottom = 1.0
rect_scale = Vector2( 0.35, 0.35 )

[node name="Body" type="Control" parent="Frame"]
anchor_right = 1.0
anchor_bottom = 1.0
size_flags_horizontal = 2
size_flags_vertical = 2

[node name="Highlight" type="ColorRect" parent="Frame/Body"]
anchor_right = 1.0
anchor_bottom = 1.0
margin_left = -5.0
margin_top = -5.0
margin_right = 5.0
margin_bottom = 5.0
rect_min_size = Vector2( 245, 366 )
mouse_default_cursor_shape = 2
color = Color( 0.992157, 1, 0, 1 )

[node name="CardFront" parent="Frame/Body" instance=ExtResource( 2 )]
anchor_right = 1.0
anchor_bottom = 1.0

[node name="CardBack" parent="Frame/Body" instance=ExtResource( 1 )]

[node name="AnimationPlayer" type="AnimationPlayer" parent="Frame/Body"]
autoplay = "Default"
anims/Default = SubResource( 1 )
anims/Zoom_in = SubResource( 2 )

[node name="Area" type="Control" parent="Frame"]
anchor_right = 1.0
anchor_bottom = 1.0
rect_min_size = Vector2( 235, 356 )
mouse_default_cursor_shape = 2

[connection signal="gui_input" from="Frame/Area" to="." method="_on_Area_gui_input"]
[connection signal="mouse_entered" from="Frame/Area" to="." method="_on_Area_mouse_entered"]
[connection signal="mouse_exited" from="Frame/Area" to="." method="_on_Area_mouse_exited"]

[editable path="Frame/Body/CardFront"]
